% $State: Exp $ $Date: 2002/07/10 18:23:00 $ $Revision: 1.1 $
		  
@book{Kri90,
	author = "Krivine, {Jean-Louis}",
	title = "Lambda-Calcul~: Types et Mod\`eles",
	publisher = "Masson",
	year = 1990,
	series = "Etudes et Recherches en Informatique",
	note = "Available now in english version"
}

@article{KP90,
	author = "Krivine, {Jean-Louis} and Michel Parigot",
	title = "Programming with Proofs",
	journal = "Inf. Process. Cybern.",
	volume = {EIK 26},
	number = 3,
	pages = {149--167},
	year = 1990
}

@article{Par88,
	author = "Parigot, {Michel}",
	title = "Programming with Proofs: a Second Order Type Theory",
	journal = "Lecture Notes in Computer Science",
	volume = 300,
	year = 1988,
	note = "Communication at ESOP 88"
}

@article{Par92, 
        author = "Parigot, {Michel}",
	title = "$\lambda\mu$-calculus: an Algorithmic Interpretation of
	Classical Natural Deduction",
        year= 1992,
        publisher="Springer",
        series = "LNCS 624",
        volume = "Proc. International Conference on Logic Programming and
                  Automated Deduction, StPetersburg (Russia)",
        pages = {190-201}
}


@article{Ra25,
author = "Ramsey, {F. P.}",
title = "The Foundations of Mathematics",
year = 1925,
volume = "The Foundations of Mathematics",
editor = "Routledge and Keegan",
pages = {1-61}
}

@unpublished{RD01,
  author = {Christophe Raffalli and Ren\'e David},
  title ={Apprentissage du raisonnement assit\'e par  ordinateur},
  year=2001,
  note={Pr\'epublication 01-09c du LAMA}}

@unpublished{PHOX,
author={Raffalli, Christophe},
title="{\it PhoX}",
note="{\verb#www.lama.univ-savoie.fr/~RAFFALLI/phox.html#}"}

@unpublished{PG,
author={Kleymann Thomas and Aspinall, David and al.},
title="{\it Proof General}",
note="{\verb#zermelo.dcs.ed.ac.uk/~proofgen#}"}

@unpublished{Xemacs,
title="{\it The XEmacs editor}",
note="{\verb#www.xemacs.org#}"}
